@article{Arnone1997,
  title = {The hardwiring of development: organization and function of genomic regulatory systems},
  volume = {124},
  ISSN = {1477-9129},
  url = {http://dx.doi.org/10.1242/dev.124.10.1851},
  DOI = {10.1242/dev.124.10.1851},
  number = {10},
  journal = {Development},
  publisher = {The Company of Biologists},
  author = {Arnone,  Maria I. and Davidson,  Eric H.},
  year = {1997},
  month = may,
  pages = {1851–1864}
}

@article{Elowitz2000,
  title = {A synthetic oscillatory network of transcriptional regulators},
  volume = {403},
  ISSN = {1476-4687},
  url = {http://dx.doi.org/10.1038/35002125},
  DOI = {10.1038/35002125},
  number = {6767},
  journal = {Nature},
  publisher = {Springer Science and Business Media LLC},
  author = {Elowitz,  Michael B. and Leibler,  Stanislas},
  year = {2000},
  month = jan,
  pages = {335–338}
}

@article{Hartwell1999,
  title = {From molecular to modular cell biology},
  volume = {402},
  ISSN = {1476-4687},
  url = {http://dx.doi.org/10.1038/35011540},
  DOI = {10.1038/35011540},
  number = {S6761},
  journal = {Nature},
  publisher = {Springer Science and Business Media LLC},
  author = {Hartwell,  Leland H. and Hopfield,  John J. and Leibler,  Stanislas and Murray,  Andrew W.},
  year = {1999},
  month = dec,
  pages = {C47–C52}
}

@article{Ozbudak2002,
  title = {Regulation of noise in the expression of a single gene},
  volume = {31},
  ISSN = {1546-1718},
  url = {http://dx.doi.org/10.1038/ng869},
  DOI = {10.1038/ng869},
  number = {1},
  journal = {Nature Genetics},
  publisher = {Springer Science and Business Media LLC},
  author = {Ozbudak,  Ertugrul M. and Thattai,  Mukund and Kurtser,  Iren and Grossman,  Alan D. and van Oudenaarden,  Alexander},
  year = {2002},
  month = apr,
  pages = {69–73}
}